% Encoding: UTF-8

@Electronic{backprop,
  author       = {Michael Nielsen},
  month        = dec,
  year         = {2019},
  howpublished = {http://neuralnetworksanddeeplearning.com/chap2.html},
}

@Article{Menzel2016,
  author    = {C. Menzel and J. Sperrhake and T. Pertsch},
  title     = {Efficient treatment of stacked metasurfaces for optimizing and enhancing the range of accessible optical functionalities},
  journal   = {Physical Review A},
  year      = {2016},
  volume    = {93},
  number    = {6},
  month     = {jun},
  doi       = {10.1103/physreva.93.063832},
  publisher = {American Physical Society ({APS})},
}

@Comment{jabref-meta: databaseType:bibtex;}
