% Encoding: UTF-8

@Book{Demtroeder32016,
  title     = {Experimentalphysik 3},
  publisher = {Springer-Verlag GmbH},
  year      = {2016},
  author    = {Demtroeder, Wolfgang},
  isbn      = {3662490935},
  date      = {2016-07-08},
  ean       = {9783662490938},
  url       = {https://www.ebook.de/de/product/25501957/wolfgang_demtroeder_experimentalphysik_3.html},
}

@Book{Fortgeschrittenenpraktikum,
  title     = {Zeeman-Effekt},
  publisher = {Friedrich-Schiller-Universität, Physikalisch-Astronomische Fakultät,Fortgeschrittenenpraktikum},
  year      = {09/2012},
  author    = {Reichmann, Uschmann, Mutschke},
}

@Book{Mayer1980,
  title     = {Atomphysik},
  publisher = {Teubner Studienbücher},
  year      = {1980},
  author    = {Theo Mayer-Kuckuck},
  address   = {Stuttgart},
  edition   = {2.},
}

@Book{marxgross14,
  title     = {Festkörperphysik},
  publisher = {De Gruyter Oldenbourg},
  year      = {2014},
  author    = {Rudolf Gross, Achim Marx},
  volume    = {2},
}
@Article{Shapiro1963,
  author    = {Sidney Shapiro},
  title     = {Josephson Currents in Superconducting Tunneling: The Effect of Microwaves and Other Observations},
  journal   = {Physical Review Letters},
  year      = {1963},
  volume    = {11},
  number    = {2},
  pages     = {80--82},
  month     = {jul},
  doi       = {10.1103/physrevlett.11.80},
  publisher = {American Physical Society ({APS})},
}

@MISC{DT450:19,
    author = {Kirchhoff-Institute for Physics},
    title = {Datenblatt DT-450},
    month = {Dezember},
    year = {2019},
    howpublished= {\url{https://wiki.kip.uni-heidelberg.de/KIPwiki/images/0/0e/Curve_10.pdf}}
}

@MISC{meissner:19,
    author = {Piotr Jaworski},
    howpublished = {\url{https://commons.wikimedia.org/w/index.php?curid=325237}},
    title = {Meißnereffekt},
    month = {Dezember},
    year = {2019}
}

@MISC{fpi_etalon:20,
    author = {Unknown},
    howpublished = {\url{https://en.wikipedia.org/wiki/File:Fabry%E2%80%93P%C3%A9rot_etalon.svg}},
    title = {Fabry Perot Etalon},
    month = {Januar},
    year = {2020}
}

@MISC{lgp:20,
    author = {Unknown},
    howpublished = {\url{https://en.wikipedia.org/wiki/Lummer%E2%80%93Gehrcke_interferometer#/media/File:Lummer%E2%80%93Gehrcke_interferometer.svg}},
    title = {Lummer Gehrcke Platte},
    month = {Januar},
    year = {2020}
}

@Book{Schatz1997,
  title     = {Nukleare Festkörperphysik},
  publisher = {Teubner Studienbücher},
  year      = {1997},
  author    = {G. Schatz, A. Weidinger},
  address   = {Stuttgart},
  edition   = {3},
  subtitle  = {Kernphysikalische Meßmethoden und ihre Anwendungen},
}

@Comment{jabref-meta: databaseType:bibtex;}
